@book{sedgewick,
 author = {Sedgewick, Robert and Wayne, Kevin},
 title = {Algorithms},
 year = {2011},
 isbn = {032157351X, 9780321573513},
 edition = {4th},
 publisher = {Addison-Wesley Professional},
} 

@book{whatprogrammersshouldknow,
 author = {Ulruch Drepper},
 title = {What every Programmer Should Know About Memory},
 year = {2007},
} 

@book{mckenney,
 author = {McKenney, Paul},
 title = {Is Parallel Programming Hard, And If So, What Can You Do About It?},
 year = {2015},
} 

@article{mckenny-barriers,
author = {Mckenney, Paul},
year = {2010},
month = {08},
pages = {},
title = {Memory Barriers: a Hardware View for Software Hackers}
}

@unpublished{mystery,
 author = {Peter Sestoft},
 title = {A multicore performance mystery solved},
 year = {2017},
} 

@unpublished{kmeansexam,
 author = {Peter Sestoft},
 title = {Examination, Practical Concurrent and Parallel Programming, 10-11
	 January 2017},
 url = {http://www.itu.dk/people/sestoft/itu/PCPP/E2016/pcpp-20170110.pdf},
} 

@unpublished{kmeansexamcode,
 author = {Peter Sestoft},
 title = {Supporting code for examination in Practical Concurrent and Parallel
	 Programming, January 2017},
 url = {http://www.itu.dk/people/sestoft/itu/PCPP/E2016/pcpp-20170110-code.zip},
} 
@inproceedings{falsedef,
 author = {Bolosky, William J. and Scott, Michael L.},
 title = {False Sharing and Its Effect on Shared Memory Performance},
 booktitle = {USENIX Systems on USENIX Experiences with Distributed and Multiprocessor Systems - Volume 4},
 series = {Sedms'93},
 year = {1993},
 location = {San Diego, California},
 pages = {3--3},
 numpages = {1},
 url = {http://dl.acm.org/citation.cfm?id=1295480.1295483},
 acmid = {1295483},
 publisher = {USENIX Association},
 address = {Berkeley, CA, USA},
} 
@article{Eggersbus,
 author = {Eggers, S. J. and Katz, R. H.},
 title = {The Effect of Sharing on the Cache and Bus Performance of Parallel Programs},
 journal = {SIGARCH Comput. Archit. News},
 issue_date = {April 1989},
 volume = {17},
 number = {2},
 month = apr,
 year = {1989},
 issn = {0163-5964},
 pages = {257--270},
 numpages = {14},
 url = {http://doi.acm.org/10.1145/68182.68206},
 doi = {10.1145/68182.68206},
 acmid = {68206},
 publisher = {ACM},
 address = {New York, NY, USA},
} 
@article{EggersReducing,
 author = {Jeremiassen, Tor E. and Eggers, Susan J.},
 title = {Reducing False Sharing on Shared Memory Multiprocessors Through Compile Time Data Transformations},
 journal = {SIGPLAN Not.},
 issue_date = {Aug. 1995},
 volume = {30},
 number = {8},
 month = aug,
 year = {1995},
 issn = {0362-1340},
 pages = {179--188},
 numpages = {10},
 url = {http://doi.acm.org/10.1145/209937.209955},
 doi = {10.1145/209937.209955},
 acmid = {209955},
 publisher = {ACM},
 address = {New York, NY, USA},
} 
@inproceedings{TorrellasShared,
  title={Shared Data Placement Optimizations to Reduce Multiprocessor Cache Miss Rates},
  author={Josep Torrellas and Monica S. Lam and John L. Hennessy},
  booktitle={ICPP},
  year={1990}
}
@Misc{stroustrup,
  author =   {Bjarne Stroustrup},
  title =    {C++11 Style â€“ A Touch of Class},
  howpublished = {\url{https://channel9.msdn.com/Events/GoingNative/GoingNative-2012/Keynote-Bjarne-Stroustrup-Cpp11-Style}},
  month =    {January/February},
  year =     2012
}

@book{inteloptimize,
	author        = {{Intel Corporation}},
	title         = {{Intel\textsuperscript{\textregistered} 64 and IA-32 Architectures Optimization Reference Manual}},
	year          = {2009},
	month         = {March},
	number        = {248966-018},
}
